
@mastersthesis{TFMPictar,
	title={{PICTAR: una herramienta de elaboraci'on de contenido para personas con TEA basada en la traducci'on de texto a pictogramas}},
	author={Alejandro Mart'in},
	year={2018},
	type={{Trabajo de Fin de M'aster}},
	school={Universidad Complutense de Madrid}
}
%https://eprints.ucm.es/48796/1/PICTAR.pdf